filing_year,ReturnHeader,ReturnData,Timestamp,TaxPeriodEndDate,PreparerFirm,ReturnType,TaxPeriodBeginDate,Filer,Officer,Preparer,TaxYear,BuildTS,PreparerFirmBusinessName,PreparerFirmUSAddress,BusinessNameLine1,AddressLine1,City,State,ZIPCode,EIN,Name,InCareOfName,NameControl,Phone,USAddress,Title,DateSigned,AuthorizeThirdParty,IRS990,IRS990ScheduleA,IRS990ScheduleB,IRS990ScheduleC,IRS990ScheduleD,IRS990ScheduleF,IRS990ScheduleI,IRS990ScheduleJ,IRS990ScheduleK,IRS990ScheduleL,IRS990ScheduleO,IRS990ScheduleR,NameOfPrincipalOfficerPerson,AddressPrincipalOfficerUS,GrossReceipts,GroupReturnForAffiliates,Organization501c3,WebSite,TypeOfOrganizationCorporation,YearFormation,StateLegalDomicile,ActivityOrMissionDescription,NbrVotingMembersGoverningBody,NbrIndependentVotingMembers,TotalNbrEmployees,TotalNbrVolunteers,TotalGrossUBI,ContributionsGrantsPriorYear,ContributionsGrantsCurrentYear,ProgramServiceRevenuePriorYear,ProgramServiceRevenueCY,InvestmentIncomePriorYear,InvestmentIncomeCurrentYear,OtherRevenuePriorYear,OtherRevenueCurrentYear,TotalRevenuePriorYear,TotalRevenueCurrentYear,GrantsAndSimilarAmntsPriorYear,GrantsAndSimilarAmntsCY,BenefitsPaidToMembersPriorYear,BenefitsPaidToMembersCY,SalariesEtcPriorYear,SalariesEtcCurrentYear,TotalProfFundrsngExpPriorYear,TotalProfFundrsngExpCY,TotalFundrsngExpCurrentYear,OtherExpensePriorYear,OtherExpensesCurrentYear,TotalExpensesPriorYear,TotalExpensesCurrentYear,RevenuesLessExpensesPriorYear,RevenuesLessExpensesCY,TotalAssetsBOY,TotalAssetsEOY,TotalLiabilitiesBOY,TotalLiabilitiesEOY,NetAssetsOrFundBalancesBOY,NetAssetsOrFundBalancesEOY,InfoInScheduleOPartIII,MissionDescription,SignificantNewProgramServices,SignificantChange,Expense,Revenue,Description,Activity2,Activity3,ActivityOther,TotalOfOtherProgramServiceExp,TotalOfOtherProgramServiceGrnt,TotalOfOtherProgramServiceRev,TotalProgramServiceExpense,DescribedIn501C3,ScheduleBRequired,PoliticalActivities,LobbyingActivities,SubjectToProxyTax,DonorAdvisedFunds,ConservationEasements,CollectionsOfArt,CreditCounseling,TermOrPermanentEndowments,ReportLandBldgEquip,ReportInvestOthSecurities,ReportProgRelInvest,ReportOtherAssets,ReportOtherLiabilities,ReportFin48Footnote,IndependentAuditFinancialStmt,ConsolidatedAuditFinancialStmt,School,ForeignOffice,ForeignActivities,MoreThan5000KToOrganizations,MoreThan5000KToIndividuals,ProfessionalFundraising,FundraisingActivities,Gaming,Hospital,GrantsToOrganizations,GrantsToIndividuals,ScheduleJRequired,TaxExemptBonds,InvestTaxExemptBonds,EscrowAccount,OnBehalfOfIssuer,ExcessBenefitTransaction,PriorExcessBenefitTransaction,LoanToOfficerOrDQP,GrantToRelatedPerson,BsnssRltnshpWithOrganization,BsnssRltnshpThruFamilyMember,OfficerEntityWithBsnssRltnshp,DeductibleNonCashContributions,DeductibleContributionsOfArt,Terminated,PartialLiquidation,DisregardedEntity,RelatedEntity,RelatedOrgControlledEntity,TransactionRelatedEntity,TransfersToExemptNonChrtblOrg,ActivitiesConductedPartnership,ScheduleORequired,NumberFormsTransmittedWith1096,NumberW2GIncluded,ComplianceWithBackupWitholding,NumberOfEmployees,EmploymentTaxReturnsFiled,UnrelatedBusinessIncome,Form990-TFiled,ForeignFinancialAccount,ProhibitedTaxShelterTrans,TaxablePartyNotification,NonDeductibleContributions,QuidProQuoContributions,Form8282PropertyDisposedOf,FundsToPayPremiums,PremiumsPaid,IndoorTanningServices,InfoInScheduleOPartVI,NbrVotingGoverningBodyMembers,NumberIndependentVotingMembers,FamilyOrBusinessRelationship,DelegationOfManagementDuties,ChangesToOrganizingDocs,MaterialDiversionOrMisuse,MembersOrStockholders,ElectionOfBoardMembers,DecisionsSubjectToApproval,MinutesOfGoverningBody,MinutesOfCommittees,OfficerMailingAddress,LocalChapters,Form990ProvidedToGoverningBody,ConflictOfInterestPolicy,AnnualDisclosureCoveredPersons,RegularMonitoringEnforcement,WhistleblowerPolicy,DocumentRetentionPolicy,CompensationProcessCEO,CompensationProcessOther,InvestmentInJointVenture,StatesWhereCopyOfReturnIsFiled,UponRequest,TheBooksAreInCareOf,InfoInScheduleOPartVII,Form990PartVIISectionA,TotalReportableCompFromOrg,TotalReportableCompFrmRltdOrgs,TotalOtherCompensation,NumberIndividualsGT100K,FormersListed,TotalCompGT150K,CompensationFromOtherSources,ContractorCompensation,NumberOfContractorsGT100K,GovernmentGrants,AllOtherContributions,TotalContributions,ProgramServiceRevenue,TotalOthProgramServiceRevenue,TotalProgramServiceRevenue,InvestmentIncome,IncomeFromInvestBondProceeds,RoyaltiesRevenue,GrossAmountSalesAssets,LessCostOthBasisSalesExpenses,GainOrLoss,NetGainOrLossInvestments,NetIncomeFromFundraisingEvents,NetIncomeFromGaming,NetIncomeOrLoss,OtherRevenueMisc,TotalOtherRevenue,TotalRevenue,GrantsToDomesticOrgs,GrantsToDomesticIndividuals,ForeignGrants,BenefitsToMembers,CompCurrentOfficersDirectors,CompDisqualPersons,OtherSalariesAndWages,PensionPlanContributions,OtherEmployeeBenefits,PayrollTaxes,FeesForServicesManagement,FeesForServicesLegal,FeesForServicesAccounting,FeesForServicesLobbying,FeesForServicesProfFundraising,FeesForServicesInvstMgmntFees,FeesForServicesOther,Advertising,OfficeExpenses,InformationTechnology,Royalties,Occupancy,Travel,TravelEntrtnmntPublicOfficials,ConferencesMeetings,Interest,PaymentsToAffiliates,DepreciationDepletion,Insurance,OtherExpenses,TotalFunctionalExpenses,CashNonInterestBearing,SavingsAndTempCashInvestments,PledgesAndGrantsReceivable,AccountsReceivable,ReceivablesFromOfficersEtc,ReceivablesFromDisqualPersons,OtherNotesLoansReceivableNet,InventoriesForSaleOrUse,PrepaidExpensesDeferredCharges,LandBuildingsEquipmentBasis,LandBldgEquipmentAccumDeprec,LandBuildingsEquipmentBasisNet,InvestmentsPubTradedSecurities,InvestmentsOtherSecurities,InvestmentsProgramRelated,IntangibleAssets,OtherAssetsTotal,TotalAssets,AccountsPayableAccruedExpenses,GrantsPayable,DeferredRevenue,TaxExemptBondLiabilities,EscrowAccountLiability,LoansFromOfficersDirectors,MortNotesPyblSecuredInvestProp,UnsecuredNotesLoansPayable,OtherLiabilities,TotalLiabilities,FollowSFAS117,UnrestrictedNetAssets,TemporarilyRestrictedNetAssets,PermanentlyRestrictedNetAssets,TotalNetAssetsFundBalances,TotalLiabNetAssetsFundBalances,InfoInScheduleOPartXI,ReconcilationRevenueExpenses,ReconcilationOtherChanges,MethodOfAccountingAccrual,AccountantCompileOrReview,FSAudited,AuditCommittee,FinancialStatementConsolidated,FederalGrantAuditRequired,FederalGrantAuditPerformed,Grants,NamePerson,TelephoneNumber,AddressUS,AverageHoursPerWeek,IndividualTrusteeOrDirector,ReportableCompFromOrganization,ReportableCompFromRelatedOrgs,OtherCompensation,KeyEmployee,HighestCompensatedEmployee,NameOfContractor,AddressOfContractor,DescriptionOfServices,Compensation,BusinessCode,TotalRevenueColumn,RelatedOrExemptFunctionIncome,UnrelatedBusinessRevenue,ExclusionAmount,Securities,Total,ProgramServices,ManagementAndGeneral,Fundraising,BOY,EOY,PubliclySupportedOrg509a2,GiftsGrantsContribReceived509,GrossReceiptsFromAdmissions,Total509,PublicSupportTotal509,GrossInvestmentIncome509,InvestmentIncomeAndUBTI,OtherIncome509,TotalSupportTotal,PublicSupportPercentage509,PriorYearSupportPercentage,InvestmentIncomePercentage,PriorYrInvestIncomePercentage,ThirtyThreePercntTestsCY509,CurrentTaxYearMinus4Years,CurrentTaxYearMinus3Years,CurrentTaxYearMinus2Years,CurrentTaxYearMinus1Year,CurrentTaxYear,ContributorInfo,ContributorNumber,ContributorNameBusiness,ContributorAddressUS,AggregateContributions,AddressLine2,TotalGrassrootsLobbying,TotalDirectLobbying,TotalLobbyingExpenditures,OtherExemptPurposeExpenditures,TotalExemptPurposeExpenditures,LobbyingNontaxableAmount,GrassrootsNontaxableAmount,TotLobbyingGrassrootMinusNonTx,TotLobbyExpendMnsLobbyingNontx,Form4720Filed,Volunteers,PaidStaffOrManagement,MediaAdvertisements,MediaAdvertisementsAmount,MailingsMembers,MailingsMembersAmount,PublicationsOrBroadcast,GrantsOtherOrganizations,GrantsOtherOrganizationsAmount,DirectContactLegislators,DirectContactLegislatorsAmount,RalliesDemonstrations,OtherActivities,OtherActivitiesAmount,TotalLobbyingExpendituresIIB,NotDescribedIn501c3,Form990ScheduleCPartIV,Identifier,Explanation,ArtPublicExhibitionAmts,HeldWorksOfArtAmts,CurrentYear,CurrentYearMinus1Year,CurrentYearMinus2Years,CurrentYearMinus3Years,PermanentEndowmentEOYBalance,EndowmentsHeldByUnrelatedOrgs,EndowmentsHeldByRelatedOrgs,Land,Buildings,LeaseholdImprovements,Equipment,OtherLandBuildings,TotalOfBookValueLandBuildings,OtherAssets,TotalBookValueOtherAssets,FederalIncomeTaxLiability,TotalOfAmounts,Form990ScheduleDPartXIV,BeginningOfYearBalance,InvestmentEarningsOrLosses,OtherExpenditures,EndOfYearBalance,Contributions,OtherCostOrOtherBasis,BookValue,Depreciation,Amount,ReturnReference,AcctsActvsOutUSTable,SubtotalAmountSpent,TotalAmountSpent,TransferToForeignCorp,InterestInForeignTrust,OwnForeignCorp,PassiveForeignInvestCo,ForeignPartnership,BoycottCountries,Form990ScheduleFPartV,Region,TypeOfActivitiesConducted,TotalExpenditures,RecordsMaintained,RecipientTable,TotalNbrOf501C3AndGovtGrants,TotalNbrOfOtherOrganizations,Form990ScheduleIPartIV,RecipientNameBusiness,EINOfRecipient,IRCSection,AmountOfCashGrant,PurposeOfGrant,FirstClassOrCharterTravel,ClubDuesOrFees,WrittenPolicyReTAndEExpenses,SubstantiationRequired,CompensationCommittee,IndependentConsultant,CompensationSurvey,BoardOrCommitteeApproval,SeverancePayment,SupplementalNonqualRetirePlan,EquityBasedCompArrangement,CompBasedOnRevenueOfFilingOrg,CompBasedOnRevenueRelatedOrgs,CompBasedNetEarningsFilingOrg,CompBasedNetEarningsRelateOrgs,AnyNonFixedPayments,InitialContractException,Form990ScheduleJPartII,Form990ScheduleJPartIII,BaseCompensationFilingOrg,CompBasedOnRelatedOrgs,BonusFilingOrg,BonusRelatedOrgs,OtherCompensationFilingOrg,OtherCompensationRelatedOrgs,DeferredCompFilingOrg,DeferredCompRelatedOrgs,NontaxableBenefitsFilingOrg,NontaxableBenefitsRelatedOrgs,TotalCompensationFilingOrg,TotalCompensationRelatedOrgs,CompReportPrior990FilingOrg,CompReportPrior990RelatedOrgs,Form990ScheduleKPartI,Form990ScheduleKPartII,Form990ScheduleKPartIII,Form990ScheduleKPartIV,IssuerName,IssuerEIN,DateIssued,IssuePrice,DescriptionOfPurpose,Defeased,PoolFinancing,CUSIPNumber,AmountRetired,AmountBondDefeased,TotalProceeds,AmountInReserveFund,CapitalizedInterest,RefundingEscrow,IssuanceCostsFromProceeds,CreditEnhancement,WorkingCapitalExpenditures,CapitalExpenditures,OtherSpentProceeds,AmountUnspent,YearOfSubstCompletion,FinalAllocationMade,AdequateBooksAndRecdsMaintaind,OwningBondFinancedProperty,AnyLeaseArrangements,MngmentCntrctBondFinancdPrprty,AnyResearchAgreements,PrcntgePrvtBusinessUseByOthers,PercentageOfPrvtBusinessReUBI,TotalPrivateBusinessUse,PostIssuanceComplianceProcdrs,Form8038TFiled,VariableRateIssue,HedgeIdentifiedInBooksAndRecds,NameOfHedgeProvider,GrossProceedsInvestedInGIC,NameOfGICProvider,GrossProceedsInvested,ExceptionToRebate,LoanTable,TotalBalanceDue,PurposeOfLoan,LoanFromOrganization,OriginalPrincipalAmount,BalanceDue,Default,ApprovedByBoard,WrittenAgreement,GeneralExplanation,Form990ScheduleRPartII,ReceiptOfIntAnnRentsRoyalties,GiftGrantOrCapContrToOtherOrg,GiftGrantOrCapContrFrOtherOrg,LoansOrGuaranteesToOtherOrg,LoansOrGuaranteesFromOtherOrg,SaleOfAssetsToOtherOrg,PurchaseOfAssetsFromOtherOrg,ExchangeOfAssets,RentalOfFacilitiesToOtherOrgs,RentalOfFacilitiesFrOtherOrgs,PerformOfServicesForOtherOrgs,PerformOfServicesByOtherOrgs,SharingOfFacilities,SharingOfPaidEmployees,ReimbursementPaidToOtherOrg,ReimbursementPaidByOtherOrg,OtherTransferToOtherOrg,OtherTransferFromOtherOrg,TransactionsRelatedOrgsTable,NameOfDisregardedEntity,PrimaryActivities,LegalDomicileState,ExemptCodeSection,DirectControllingEntityName,ControlledOrg,NameOfOtherOrganization,TransactionType,AmountInvolved,MethodOfAmtDetermination,ReturnTs,TaxPeriodEndDt,PreparerFirmGrp,ReturnTypeCd,TaxPeriodBeginDt,BusinessOfficerGrp,PreparerPersonGrp,FilingSecurityInformation,TaxYr,PreparerFirmName,PreparerUSAddress,BusinessNameLine1Txt,AddressLine1Txt,CityNm,StateAbbreviationCd,ZIPCd,BusinessName,InCareOfNm,BusinessNameControlTxt,PhoneNum,BusinessNameLine2Txt,PersonNm,PersonTitleTxt,SignatureDt,DiscussWithPaidPreparerInd,PreparerPersonNm,PTIN,PreparationDt,IPAddress,FederalOriginalSubmissionId,FederalOriginalSubmissionIdDt,FilingLicenseTypeCd,AtSubmissionCreationDeviceId,AtSubmissionFilingDeviceId,IPv4AddressTxt,PrincipalOfficerNm,GrossReceiptsAmt,GroupReturnForAffiliatesInd,Organization501c3Ind,WebsiteAddressTxt,TypeOfOrganizationCorpInd,FormationYr,LegalDomicileStateCd,ActivityOrMissionDesc,VotingMembersGoverningBodyCnt,VotingMembersIndependentCnt,TotalEmployeeCnt,TotalVolunteersCnt,TotalGrossUBIAmt,NetUnrelatedBusTxblIncmAmt,PYContributionsGrantsAmt,CYContributionsGrantsAmt,PYProgramServiceRevenueAmt,CYProgramServiceRevenueAmt,PYInvestmentIncomeAmt,CYInvestmentIncomeAmt,PYOtherRevenueAmt,CYOtherRevenueAmt,PYTotalRevenueAmt,CYTotalRevenueAmt,PYGrantsAndSimilarPaidAmt,CYGrantsAndSimilarPaidAmt,PYBenefitsPaidToMembersAmt,CYBenefitsPaidToMembersAmt,PYSalariesCompEmpBnftPaidAmt,CYSalariesCompEmpBnftPaidAmt,PYTotalProfFndrsngExpnsAmt,CYTotalProfFndrsngExpnsAmt,CYTotalFundraisingExpenseAmt,PYOtherExpensesAmt,CYOtherExpensesAmt,PYTotalExpensesAmt,CYTotalExpensesAmt,PYRevenuesLessExpensesAmt,CYRevenuesLessExpensesAmt,TotalAssetsBOYAmt,TotalAssetsEOYAmt,TotalLiabilitiesBOYAmt,TotalLiabilitiesEOYAmt,NetAssetsOrFundBalancesBOYAmt,NetAssetsOrFundBalancesEOYAmt,InfoInScheduleOPartIIIInd,MissionDesc,SignificantNewProgramSrvcInd,SignificantChangeInd,ExpenseAmt,RevenueAmt,Desc,ProgSrvcAccomActy2Grp,ProgSrvcAccomActy3Grp,TotalOtherProgSrvcExpenseAmt,TotalOtherProgSrvcGrantAmt,TotalProgramServiceExpensesAmt,DescribedInSection501c3Ind,ScheduleBRequiredInd,PoliticalCampaignActyInd,LobbyingActivitiesInd,SubjectToProxyTaxInd,DonorAdvisedFundInd,ConservationEasementsInd,CollectionsOfArtInd,CreditCounselingInd,TempOrPermanentEndowmentsInd,ReportLandBuildingEquipmentInd,ReportInvestmentsOtherSecInd,ReportProgramRelatedInvstInd,ReportOtherAssetsInd,ReportOtherLiabilitiesInd,IncludeFIN48FootnoteInd,IndependentAuditFinclStmtInd,ConsolidatedAuditFinclStmtInd,SchoolOperatingInd,ForeignOfficeInd,ForeignActivitiesInd,MoreThan5000KToOrgInd,MoreThan5000KToIndividualsInd,ProfessionalFundraisingInd,FundraisingActivitiesInd,GamingActivitiesInd,OperateHospitalInd,GrantsToOrganizationsInd,GrantsToIndividualsInd,ScheduleJRequiredInd,TaxExemptBondsInd,InvestTaxExemptBondsInd,EscrowAccountInd,OnBehalfOfIssuerInd,EngagedInExcessBenefitTransInd,PYExcessBenefitTransInd,LoanOutstandingInd,GrantToRelatedPersonInd,BusinessRlnWithOrgMemInd,BusinessRlnWithFamMemInd,BusinessRlnWithOfficerEntInd,DeductibleNonCashContriInd,DeductibleArtContributionInd,TerminateOperationsInd,PartialLiquidationInd,DisregardedEntityInd,RelatedEntityInd,RelatedOrganizationCtrlEntInd,TransactionWithControlEntInd,TrnsfrExmptNonChrtblRltdOrgInd,ActivitiesConductedPrtshpInd,ScheduleORequiredInd,IRPDocumentCnt,IRPDocumentW2GCnt,BackupWthldComplianceInd,EmployeeCnt,EmploymentTaxReturnsFiledInd,UnrelatedBusIncmOverLimitInd,Form990TFiledInd,ForeignFinancialAccountInd,ProhibitedTaxShelterTransInd,TaxablePartyNotificationInd,NondeductibleContributionsInd,QuidProQuoContributionsInd,Form8282PropertyDisposedOfInd,RcvFndsToPayPrsnlBnftCntrctInd,PayPremiumsPrsnlBnftCntrctInd,IndoorTanningServicesInd,InfoInScheduleOPartVIInd,GoverningBodyVotingMembersCnt,IndependentVotingMemberCnt,FamilyOrBusinessRlnInd,DelegationOfMgmtDutiesInd,ChangeToOrgDocumentsInd,MaterialDiversionOrMisuseInd,MembersOrStockholdersInd,ElectionOfBoardMembersInd,DecisionsSubjectToApprovaInd,MinutesOfGoverningBodyInd,MinutesOfCommitteesInd,OfficerMailingAddressInd,LocalChaptersInd,Form990ProvidedToGvrnBodyInd,ConflictOfInterestPolicyInd,AnnualDisclosureCoveredPrsnInd,RegularMonitoringEnfrcInd,WhistleblowerPolicyInd,DocumentRetentionPolicyInd,CompensationProcessCEOInd,CompensationProcessOtherInd,InvestmentInJointVentureInd,StatesWhereCopyOfReturnIsFldCd,UponRequestInd,BooksInCareOfDetail,InfoInScheduleOPartVIIInd,Form990PartVIISectionAGrp,TotalReportableCompFromOrgAmt,TotReportableCompRltdOrgAmt,TotalOtherCompensationAmt,IndivRcvdGreaterThan100KCnt,FormerOfcrEmployeesListedInd,TotalCompGreaterThan150KInd,CompensationFromOtherSrcsInd,ContractorCompensationGrp,CntrctRcvdGreaterThan100KCnt,GovernmentGrantsAmt,AllOtherContributionsAmt,TotalContributionsAmt,ProgramServiceRevenueGrp,TotalOthProgramServiceRevGrp,TotalProgramServiceRevenueAmt,InvestmentIncomeGrp,IncmFromInvestBondProceedsGrp,RoyaltiesRevenueGrp,GrossRentsGrp,LessRentalExpensesGrp,RentalIncomeOrLossGrp,NetRentalIncomeOrLossGrp,GrossAmountSalesAssetsGrp,LessCostOthBasisSalesExpnssGrp,GainOrLossGrp,NetGainOrLossInvestmentsGrp,FundraisingGrossIncomeAmt,FundraisingDirectExpensesAmt,NetIncmFromFundraisingEvtGrp,GamingGrossIncomeAmt,GamingDirectExpensesAmt,NetIncomeFromGamingGrp,GrossSalesOfInventoryAmt,CostOfGoodsSoldAmt,NetIncomeOrLossGrp,OtherRevenueMiscGrp,OtherRevenueTotalAmt,TotalRevenueGrp,InfoInScheduleOPartIXInd,GrantsToDomesticOrgsGrp,GrantsToDomesticIndividualsGrp,ForeignGrantsGrp,BenefitsToMembersGrp,CompCurrentOfcrDirectorsGrp,CompDisqualPersonsGrp,OtherSalariesAndWagesGrp,PensionPlanContributionsGrp,OtherEmployeeBenefitsGrp,PayrollTaxesGrp,FeesForServicesManagementGrp,FeesForServicesLegalGrp,FeesForServicesAccountingGrp,FeesForServicesLobbyingGrp,FeesForSrvcInvstMgmntFeesGrp,FeesForServicesOtherGrp,AdvertisingGrp,OfficeExpensesGrp,InformationTechnologyGrp,RoyaltiesGrp,OccupancyGrp,TravelGrp,PymtTravelEntrtnmntPubOfclGrp,ConferencesMeetingsGrp,InterestGrp,PaymentsToAffiliatesGrp,DepreciationDepletionGrp,InsuranceGrp,OtherExpensesGrp,TotalFunctionalExpensesGrp,CashNonInterestBearingGrp,SavingsAndTempCashInvstGrp,PledgesAndGrantsReceivableGrp,AccountsReceivableGrp,ReceivablesFromOfficersEtcGrp,RcvblFromDisqualifiedPrsnGrp,OthNotesLoansReceivableNetGrp,InventoriesForSaleOrUseGrp,PrepaidExpensesDefrdChargesGrp,LandBldgEquipCostOrOtherBssAmt,LandBldgEquipAccumDeprecAmt,LandBldgEquipBasisNetGrp,InvestmentsPubTradedSecGrp,InvestmentsOtherSecuritiesGrp,InvestmentsProgramRelatedGrp,IntangibleAssetsGrp,OtherAssetsTotalGrp,TotalAssetsGrp,AccountsPayableAccrExpnssGrp,GrantsPayableGrp,DeferredRevenueGrp,TaxExemptBondLiabilitiesGrp,EscrowAccountLiabilityGrp,LoansFromOfficersDirectorsGrp,MortgNotesPyblScrdInvstPropGrp,UnsecuredNotesLoansPayableGrp,OtherLiabilitiesGrp,TotalLiabilitiesGrp,OrganizationFollowsSFAS117Ind,UnrestrictedNetAssetsGrp,TemporarilyRstrNetAssetsGrp,PermanentlyRstrNetAssetsGrp,TotalNetAssetsFundBalanceGrp,TotLiabNetAssetsFundBalanceGrp,ReconcilationRevenueExpnssAmt,NetUnrlzdGainsLossesInvstAmt,MethodOfAccountingAccrualInd,AccountantCompileOrReviewInd,FSAuditedInd,FSAuditedBasisGrp,AuditCommitteeInd,FederalGrantAuditRequiredInd,FederalGrantAuditPerformedInd,TitleTxt,AverageHoursPerWeekRt,AverageHoursPerWeekRltdOrgRt,IndividualTrusteeOrDirectorInd,OfficerInd,ReportableCompFromOrgAmt,ReportableCompFromRltdOrgAmt,OtherCompensationAmt,KeyEmployeeInd,HighestCompensatedEmployeeInd,ContractorName,ContractorAddress,ServicesDesc,CompensationAmt,BusinessCd,TotalRevenueColumnAmt,RelatedOrExemptFuncIncomeAmt,UnrelatedBusinessRevenueAmt,ExclusionAmt,RealAmt,PersonalAmt,SecuritiesAmt,TotalAmt,ProgramServicesAmt,ManagementAndGeneralAmt,FundraisingAmt,BOYAmt,EOYAmt,ConsolidatedBasisFinclStmtInd,PubliclySupportedOrg509a2Ind,GiftsGrantsContrisRcvd509Grp,GrossReceiptsAdmissionsGrp,GrossReceiptsNonUnrltBusGrp,TaxRevLeviedOrgnztnlBnft509Grp,GovtFurnSrvcFcltsVl509Grp,Total509Grp,AmountsRcvdDsqlfyPersonGrp,SubstantialContributorsAmtGrp,SubstAndDsqlfyPrsnsTotGrp,PublicSupportTotal509Amt,GrossInvestmentIncome509Grp,Post1975UBTIGrp,InvestmentIncomeAndUBTIGrp,NetIncomeFromOtherUBIGrp,OtherIncome509Grp,TotalSupportCalendarYearGrp,PublicSupportCY509Pct,PublicSupportPY509Pct,InvestmentIncomeCYPct,InvestmentIncomePYPct,ThirtyThrPctSuprtTestsCY509Ind,CurrentTaxYearMinus4YearsAmt,CurrentTaxYearMinus3YearsAmt,CurrentTaxYearMinus2YearsAmt,CurrentTaxYearMinus1YearAmt,CurrentTaxYearAmt,ContributorInformationGrp,ContributorNum,ContributorBusinessName,ContributorUSAddress,TotalGrassrootsLobbyingGrp,TotalDirectLobbyingGrp,TotalLobbyingExpendGrp,OtherExemptPurposeExpendGrp,TotalExemptPurposeExpendGrp,LobbyingNontaxableAmountGrp,GrassrootsNontaxableGrp,TotLbbyngGrassrootMnsNonTxGrp,TotLbbyExpendMnsLbbyngNonTxGrp,VolunteersInd,PaidStaffOrManagementInd,MediaAdvertisementsInd,MediaAdvertisementsAmt,MailingsMembersInd,MailingsMembersAmt,PublicationsOrBroadcastInd,PublicationsOrBroadcastAmt,GrantsOtherOrganizationsInd,GrantsOtherOrganizationsAmt,DirectContactLegislatorsInd,DirectContactLegislatorsAmt,RalliesDemonstrationsInd,RalliesDemonstrationsAmt,OtherActivitiesInd,OtherActivitiesAmt,TotalLobbyingExpendituresAmt,NotDescribedSection501c3Ind,SupplementalInformationDetail,FormAndLineReferenceDesc,ExplanationTxt,ArtPublicExhibitionAmountsGrp,HeldWorksArtGrp,AgentTrusteeEtcInd,CYEndwmtFundGrp,CYMinus1YrEndwmtFundGrp,CYMinus2YrEndwmtFundGrp,CYMinus3YrEndwmtFundGrp,CYMinus4YrEndwmtFundGrp,PrmnntEndowmentBalanceEOYPct,TermEndowmentBalanceEOYPct,EndowmentsHeldUnrelatedOrgInd,EndowmentsHeldRelatedOrgInd,LandGrp,BuildingsGrp,LeaseholdImprovementsGrp,EquipmentGrp,OtherLandBuildingsGrp,TotalBookValueLandBuildingsAmt,FinancialDerivativesGrp,CloselyHeldEquityInterestsGrp,OtherSecuritiesGrp,TotalBookValueSecuritiesAmt,FederalIncomeTaxLiabilityAmt,TotalLiabilityAmt,FootnoteTextInd,BeginningYearBalanceAmt,ContributionsAmt,InvestmentEarningsOrLossesAmt,OtherExpendituresAmt,EndYearBalanceAmt,OtherCostOrOtherBasisAmt,BookValueAmt,DepreciationAmt,MethodValuationCd,AccountActivitiesOutsideUSGrp,SubtotalSpentAmt,TotalSpentAmt,TransferToForeignCorpInd,InterestInForeignTrustInd,ForeignCorpOwnershipInd,PassiveForeignInvestmestCoInd,ForeignPartnershipInd,BoycottCountriesInd,RegionTxt,TypeOfActivitiesConductedTxt,RegionTotalExpendituresAmt,SpecificServicesProvidedTxt,GrantRecordsMaintainedInd,Total501c3OrgCnt,RecipientBusinessName,RecipientEIN,IRCSectionDesc,CashGrantAmt,PurposeOfGrantTxt,FirstClassOrCharterTravelInd,ClubDuesOrFeesInd,WrittenPolicyRefTAndEExpnssInd,SubstantiationRequiredInd,CompensationCommitteeInd,IndependentConsultantInd,CompensationSurveyInd,BoardOrCommitteeApprovalInd,SeverancePaymentInd,SupplementalNonqualRtrPlanInd,EquityBasedCompArrngmInd,CompBasedOnRevenueOfFlngOrgInd,CompBsdOnRevRelatedOrgsInd,CompBsdNetEarnsFlngOrgInd,CompBsdNetEarnsRltdOrgsInd,AnyNonFixedPaymentsInd,InitialContractExceptionInd,RltdOrgOfficerTrstKeyEmplGrp,BaseCompensationFilingOrgAmt,CompensationBasedOnRltdOrgsAmt,BonusFilingOrganizationAmount,BonusRelatedOrganizationsAmt,OtherCompensationFilingOrgAmt,OtherCompensationRltdOrgsAmt,DeferredCompensationFlngOrgAmt,DeferredCompRltdOrgsAmt,NontaxableBenefitsFilingOrgAmt,NontaxableBenefitsRltdOrgsAmt,TotalCompensationFilingOrgAmt,TotalCompensationRltdOrgsAmt,CompReportPrior990FilingOrgAmt,CompReportPrior990RltdOrgsAmt,TaxExemptBondsIssuesGrp,TaxExemptBondsProceedsGrp,TaxExemptBondsPrivateBusUseGrp,TaxExemptBondsArbitrageGrp,ProceduresCorrectiveActionGrp,BondReferenceCd,BondIssuerEIN,CUSIPNum,BondIssuedDt,IssuePriceAmt,PurposeDesc,DefeasedInd,PoolFinancingInd,RetiredAmt,BondDefeasedAmt,TotalProceedsAmt,InReserveFundAmt,CapitalizedInterestAmt,RefundingEscrowAmt,IssuanceCostsFromProceedsAmt,CreditEnhancementAmt,WorkingCapitalExpendituresAmt,CapitalExpendituresAmt,OtherSpentProceedsAmt,UnspentAmt,SubstantialCompletionYr,CurrentRefundingInd,AdvanceRefundingInd,FinalAllocationMadeInd,AdequateBooksAndRecMaintInd,OwningBondFinancedPropertyInd,AnyLeaseArrangementsInd,MgmtContractBondFincdPropInd,EngageBondCounselContractsInd,PrivateBusUseByOthersPct,PrivateBusConcerningUBIPct,TotalPrivateBusinessUsePct,BondIssMeetPrvtSecPymtTestInd,ChangeInUseBondFinancedPropInd,RemedialActionTakenInd,ProcsNonqualifiedBondRemdtdInd,Form8038TFiledInd,RebateNotDueYetInd,ExceptionToRebateInd,NoRebateDueInd,VariableRateIssueInd,HedgeIdentifiedInBksAndRecInd,HedgeProviderName,GrossProceedsInvestedInGICInd,GICProviderName,GrossProceedsInvestedInd,ProceduresCorrectiveActionInd,LoansBtwnOrgInterestedPrsnGrp,TotalBalanceDueAmt,RelationshipWithOrgTxt,LoanPurposeTxt,LoanToOrganizationInd,OriginalPrincipalAmt,BalanceDueAmt,DefaultInd,WrittenAgreementInd,IdRelatedTaxExemptOrgGrp,ReceiptOfIntAnntsRntsRyltsInd,GiftGrntOrCapContriToOthOrgInd,GiftGrntCapContriFromOthOrgInd,LoansOrGuaranteesToOtherOrgInd,LoansOrGuaranteesFromOthOrgInd,AssetSaleToOtherOrgInd,AssetPurchaseFromOtherOrgInd,AssetExchangeInd,RentalOfFacilitiesToOthOrgInd,RentalOfFcltsFromOthOrgInd,PerformOfServicesForOthOrgInd,PerformOfServicesByOtherOrgInd,SharingOfFacilitiesInd,PaidEmployeesSharingInd,ReimbursementPaidToOtherOrgInd,ReimbursementPaidByOtherOrgInd,TransferToOtherOrgInd,TransferFromOtherOrgInd,TransactionsRelatedOrgGrp,DisregardedEntityName,PrimaryActivitiesTxt,ExemptCodeSectionTxt,ControlledOrganizationInd,OtherOrganizationName,TransactionTypeTxt,InvolvedAmt,MethodOfAmountDeterminationTxt,FormerOfcrDirectorTrusteeInd,OtherAmt,SubtotalOfficesCnt,SubtotalEmployeesCnt,TotalOfficeCnt,OfficesCnt,AddressLine2Txt,AnyResearchAgreementsInd,WrittenProcToMonitorReqsInd,LoanFromOrganizationInd,DivRelatedOrganizationInd,NetUnrelatedBusinessTxblIncome,RentalIncomeOrLoss,NetRentalIncomeOrLoss,InfoInScheduleOPartIX,InfoInScheduleOPartX,ReconciliationUnrealizedInvest,FSAuditedBasis,AverageHoursPerWeekRelated,Real,Personal,GrossReceiptsFromNonUBI,TaxRevLeviedForOrgBenefit509,ValueOfSvcsFcltsFurnishdByGovt,AmtsRecdFromDisqualPersons,AmtsFromSubstContributors,SupportFromDQPsEtc,Post1975UBTI,NetIncomeFromOtherUBI,AgentTrusteeEtc,CurrentYearMinus4Years,FootnoteInPartXIII,Form990ScheduleDPartXIII,Form990ScheduleKPartV,CurrentRefunding,AdvanceRefunding,BondIssMeetPrvtSecurityPayTest,ChangeInUseBondFinancedProp,RemedialActionTaken,NonQualifiedBondRemedProcdrs,RebateNotDueYet,NoRebateDue,WrittenProcToMonitorReqs,ProcToUndertkCorrectiveAction,RelationshipWithOrganization,LobbyingNontaxableAmount2,LobbyingCeilingAmount,TotalLobbyingExpenditures2,GrassrootsNontaxableAmount2,GrassrootsCeilingAmount,GrassrootsLobbyingExpenditures,FilingOrganizationsTotals,CurrentYearMinus3,CurrentYearMinus2,CurrentYearMinus1,FinancialDerivatives,CloselyHeldEquityInterests,TotalOfBookValueSecurities,GrantRecordsMaintained,BondCounselRoutinelyEngaged,TermOfHedge,SuperintegratedHedge,HedgeTerminated,TermOfGIC,AddressChangeInd,ProgSrvcAccomActyOtherGrp,InfoInScheduleOPartXInd,GrantAmt,OtherAssetsOrgGrp,TotalBookValueOtherAssetsAmt,OtherLiabilitiesOrgGrp,Amt,Organization501c,BalanceSheetAmountsReported,QuidProQuoDisclosure,Former,TravelForCompanions,AmountDefeased,TotalOtherOrgCnt
2011,,,2011-02-03T08:44:44-06:00,2010-06-30,,990,2009-07-01,,X,,2009,2016-02-24 21:20:13Z,,,Center for Education and Medicine Inc,2450 N STREET NW,WASHINGTON,DC,20037,521948724,BERNARD JARVIS,,ASSO,7032868000,,SENIOR STAFF,2011-02-02,,,,,,,,,,,,,,DARRELL G KIRCH MD,,250992890,false,,WWW.AAMC.ORG,X,1955,IL,"AAMC LEADS THE ACADEMIC MEDICINE COMMUNITY AND STRENGTHENS THE WORLD'S MOST ADVANCED MEDICAL CARE BY SUPPORTING EDUCATION, RESEARCH AND PATIENT CARE ACTIVITIES CONDUCTED BY OUR MEMBER INSTITUTIONS.",17,16,638,0,282244,16332899,3260704,86835250,105841316,-3445412,-866209,1694743,1164477,101417480,109400288,165000,159850,0,0,51110426,56875130,0,0,882916,48418101,47793234,99693527,104828214,1723953,4572074,174880079,194403175,89320420,88078269,85559659,106324906,,"The AAMC services and leads the academic medicine community to improve the health of all. Through its many programs and services, the AAMC strengthens the world's most advanced medical care by supporting the entire spectrum of education, research and patient care activities conducted by our member institutions.",false,false,1751776,10319465,AMOUNTS HELD FOR OTHERS,,,,29509376,,10319465,89416997,true,true,false,true,,false,false,false,false,true,,,,,,,false,true,false,false,false,false,false,false,false,false,false,true,false,true,true,false,false,false,false,false,true,false,false,false,false,false,false,false,false,false,true,true,,false,false,true,230,0,true,638,true,true,true,false,false,false,false,true,false,false,false,,,17,16,false,false,false,false,true,false,true,true,true,false,false,true,true,true,true,true,true,true,true,false,NY,X,,,,6849156,0,663858,19,true,true,false,,5,1473243,1787461,3260704,,,105841316,,,,,,,,,,,,1164477,,,,,,,,,,,,,,,,,,,,,,,,,,,,,,,,,,,,,,,,,,55667026,24840737,,,,,,,,,,,,,,,,,,X,,,,,,,,,X,false,true,true,X,true,true,,Jordan J Cohen,2028280400,,50.0,X,427553,0,23180,X,X,,,SCREENING SERVICE,1156515,900099,109400288,106723549,282244,-866209,-7697089,126580,89416997,14528301,882916,174880079,194403175,X,,,,466924099,,,,,0.89478,0.95780,0.04535,0.04220,X,82854512,96053725,115214837,108821215,118884838,,RESTRICTED,,,RESTRICTED,RESTRICTED,,,,,,,,,,,,,,,,,,,,,,,,,,,,Restatement of prior period balance sheet,"The prior period balance sheet has been restated to reflect ownership of real property by the Center for Education and Medicine Inc., a related 501(c)(2) title-holding corporation.",,,,,,,1.00000,false,false,,,,,,30826289,,,0,357315,,1295837,179007,5432,1504008,29164,12599480,6510156,6089324,328515,"Form 990, Part X",,,,,,,,,,,,,,true,,5,,,,530196523,501(c)(3),29500,Biotech loaner labs,X,,true,true,X,X,X,X,false,false,false,false,false,false,false,false,false,,,238519,0,0,0,0,0,23228,0,11695,0,273442,0,0,0,,,,,,536001131,2007-07-01,33693675,2007-BUILDING ACQUISITION,false,,254839Z63,,,33693675,,,,4614,,,7150000,,,2007,true,true,false,false,false,false,,0.02000,0.02000,true,false,false,false,,false,,false,false,,843460,Life Insurance,X,168801,843460,false,true,true,,,false,false,false,false,false,false,false,false,false,false,false,false,true,true,false,false,false,false,,,MED/EDUC COMM,DC,501(C)(2),,,,n,42495,,,,,,,,,,,,,,,,,,,,,,,,,,,,,,,,,,,,,,,,,,,,,,,,,,,,,,,,,,,,,,,,,,,,,,,,,,,,,,,,,,,,,,,,,,,,,,,,,,,,,,,,,,,,,,,,,,,,,,,,,,,,,,,,,,,,,,,,,,,,,,,,,,,,,,,,,,,,,,,,,,,,,,,,,,,,,,,,,,,,,,,,,,,,,,,,,,,,,,,,,,,,,,,,,,,,,,,,,,,,,,,,,,,,,,,,,,,,,,,,,,,,,,,,,,,,,,,,,,,,,,,,,,,,,,,,,,,,,,,,,,,,,,,,,,,,,,,,,,,,,,,,,,,,,,,,,,,,,,,,,,,,,,,,,,,,,,,,,,,,,,,,,,,,,,,,,,,,,,,,,,,,,,,,,,,,,,,,,,,,,,,,,,,,,,,,,,,,,,,,,,,,,,,,,,,,,,,,,,,,,,,,,,,,,,,,,,,,,,,,,,,,,,,,,,,,,,,,,,,,,,,,,,,,,,,,,,,,,,,,,,,,,,,,,,,,,,,,,,,,,,,,,,,,,,,,,,,,,,,,,,,,,,,,,,,,,,,,,,,,,,,,,,,,,,,,,,,,,,,,,,,,,,,,,,,,,,,,,,,-435440,,,,,,,,,,,,,,,,,,,,,,,true,false,,,,,,,,,,,6000000,,,1500000,,250000,51120,29463,7388,,,,,true,,,,,,,,,,,,,X,true,true,X,X,33454175,
2012,,,2012-03-01T14:58:14-06:00,2011-06-30,,990,2010-07-01,,X,,2010,2016-02-24 21:20:13Z,,,Center for Education and Medicine Inc,2450 N STREET NW,WASHINGTON,DC,20037,521948724,BERNARD JARVIS,,ASSO,7032868000,,SENIOR STAFF,2012-02-01,,,,,,,,,,,,,,Darrell G Kirch MD,,369128498,false,X,WWW.AAMC.ORG,X,1955,IL,"AAMC LEADS THE ACADEMIC MEDICINE COMMUNITY AND STRENGTHENS THE WORLD'S MOST ADVANCED MEDICAL CARE BY SUPPORTING EDUCATION, RESEARCH AND PATIENT CARE ACTIVITIES CONDUCTED BY OUR MEMBER INSTITUTIONS.",17,16,656,0,341632,3260704,2674218,105841316,113656520,-866209,-10917212,1164477,819686,109400288,106233212,159850,134833,0,0,56875130,60924075,0,0,946410,47793234,51036399,104828214,112095307,4572074,-5862095,194403175,217602201,88078269,88147360,106324906,129454841,X,"THE AAMC SERVICES AND LEADS THE ACADEMIC MEDICINE COMMUNITY TO IMPROVE THE HEALTH OF ALL. THROUGH ITS MANY PROGRAMS AND SERVICES, THE AAMC STRENGTHENS THE WORLD'S MOST ADVANCED MEDICAL CARE BY SUPPORTING THE ENTIRE SPECTRUM OF EDUCATION, RESEARCH AND PATIENT CARE ACTIVITIES CONDUCTED BY OUR MEMBER INSTITUTIONS.",false,false,709893,11222771,AMOUNTS HELD FOR OTHERS,,,,33130791,,11222771,96445875,true,true,false,true,,false,false,false,false,true,true,true,false,false,true,false,false,true,false,false,true,false,false,false,false,false,false,true,false,true,true,false,false,false,false,false,true,false,false,false,false,false,false,false,false,false,true,true,true,false,false,true,272,0,true,656,true,true,true,false,false,false,false,false,false,false,false,false,X,17,16,false,false,false,false,true,false,true,true,true,false,false,true,true,true,true,true,true,true,true,false,NY,X,,X,,6529809,0,758598,18,false,true,false,,5,971724,1702494,2674218,,,113656520,,,,,,,,,,,,819686,,,,,,,,,,,,,,,,,,,,,,,,,,,,,,,,,,,,,,,,,,67116928,32220838,,,,,,,,,,,,,,,,,,X,,,,,,X,-5862095,28992030,X,false,true,true,X,true,true,0,Jordan J Cohen,2028280400,,50.0,X,250433,0,32931,X,X,,,SCREENING SERVICE,1504632,900099,106233212,114134574,341632,-10917212,-13592132,80460,96445875,14703022,946410,194403175,217602201,X,,,,510940229,,,,,0.90790,0.89480,0.04562,0.04540,X,96053725,115214837,108821215,118884838,123796458,,RESTRICTED,,,RESTRICTED,RESTRICTED,,,,,,,,,,false,,,,,,,,,,,,,,,,,,Other Changes in Net Assets or Fund Balances,"The $28,992,030 listed in other changes in net assets or fund balances is due to an unrealized gain.",,,,,,,1.00000,false,false,,,,,,34896090,,,0,438492,,1295837,179007,5432,1504008,29164,22466740,11474182,10992558,409692,"FORM 990, PART XI, LINE 5",,15961738,15961738,true,false,true,true,false,false,,Central America and the Caribbean,Investments,15961738,true,,9,,,,522296578,501(c)(3),21200,Support HMS career cluster,X,,true,true,X,X,X,X,false,false,false,false,false,false,false,false,false,,,205125,0,0,0,0,0,19186,0,10608,0,234919,0,0,0,,,,,,536001131,2007-07-01,33693675,2007-BUILDING ACQUISITION,false,false,254839Z63,0,0,33693675,0,0,33454175,4614,0,0,0,0,0,2007,true,true,false,false,false,false,0.00000,0.00000,0.00000,true,false,false,false,,false,,false,false,,1006025,Life Insurance,X,168801,1006025,false,true,true,,,false,false,false,false,false,false,false,false,false,false,false,false,true,true,false,false,false,false,,,MED/EDUC COMM,DC,501(C)(2),,,,n,42869,,,,,,,,,,,,,,,,,,,,,,,,,,,,,,,,,,,,,,,,,,,,,,,,,,,,,,,,,,,,,,,,,,,,,,,,,,,,,,,,,,,,,,,,,,,,,,,,,,,,,,,,,,,,,,,,,,,,,,,,,,,,,,,,,,,,,,,,,,,,,,,,,,,,,,,,,,,,,,,,,,,,,,,,,,,,,,,,,,,,,,,,,,,,,,,,,,,,,,,,,,,,,,,,,,,,,,,,,,,,,,,,,,,,,,,,,,,,,,,,,,,,,,,,,,,,,,,,,,,,,,,,,,,,,,,,,,,,,,,,,,,,,,,,,,,,,,,,,,,,,,,,,,,,,,,,,,,,,,,,,,,,,,,,,,,,,,,,,,,,,,,,,,,,,,,,,,,,,,,,,,,,,,,,,,,,,,,,,,,,,,,,,,,,,,,,,,,,,,,,,,,,,,,,,,,,,,,,,,,,,,,,,,,,,,,,,,,,,,,,,,,,,,,,,,,,,,,,,,,,,,,,,,,,,,,,,,,,,,,,,,,,,,,,,,,,,,,,,,,,,,,,,,,,,,,,,,,,,,,,,,,,,,,,,,,,,,,,,,,,,,,,,,,,,,,,,,,,,,,,,,,,,,,,,,,,,,,,,,,-450211,,,,,,,,,,,,,,,,,,,,,,,true,false,,,,,,,,,,,6000000,,,1500000,,250000,29463,7388,38609,,,0,true,true,0.,false,false,0.,,,,,,,,,,,,,,,
2013,,,2013-02-04T13:27:46-06:00,2012-06-30,,990,2011-07-01,,X,,2011,2016-03-07 17:11:31Z,,,Center for Education and Medicine Inc,2450 N STREET NW,WASHINGTON,DC,20037,521948724,BERNARD JARVIS,% DANIEL BERRINGER CPA,ASSO,7032868000,,SENIOR STAFF,2013-01-28,true,,,,,,,,,,,,,Darrell G Kirch MD,,210254368,false,X,www.aamc.org,X,1955,IL,"AAMC LEADS THE ACADEMIC MEDICINE COMMUNITY AND STRENGTHENS THE WORLD'S MOST ADVANCED MEDICAL CARE BY SUPPORTING EDUCATION, RESEARCH, AND PATIENT CARE ACTIVITIES CONDUCTED BY OUR MEMBER INSTITUTIONS.",17,16,704,0,419884,2674218,2410626,113656520,117320068,-10917212,1859930,819686,978717,106233212,122569341,134833,129833,0,0,60924075,64724470,0,0,1063276,51036399,60366891,112095307,125221194,-5862095,-2651853,217602201,390136080,88147360,262440903,129454841,127695177,X,"The AAMC services and leads the academic medicine community to improve the health of all. Through its many programs and services, the AAMC strengthens the world's most advanced medical care by supporting the entire spectrum of education, research and patient care activities conducted by our member institutions.",false,false,8299652,11935070,AMOUNTS HELD FOR OTHERS,,,,41617567,129833,11935070,110330112,true,true,false,true,false,false,false,false,false,true,true,false,false,true,true,true,false,true,false,false,true,false,false,false,false,false,false,true,false,true,true,false,false,false,false,false,true,false,false,false,false,false,false,false,false,false,true,true,true,false,false,true,311,0,true,704,true,true,true,false,false,false,false,false,false,false,false,false,X,17,16,false,false,false,false,true,false,true,true,true,false,false,true,true,true,true,true,true,true,true,false,NY,X,,X,,7589034,0,937843,159,false,true,false,,130,1014539,1396087,2410626,,,117320068,,,,,,,,,,,,978717,,,,,,,,,,,,,,,,,,,,,,,,,,,,,,,,,,,,,,,,,,161003323,53680416,,,,,,,,,,,,,,,,,,X,,,,,,X,-2651853,892189,X,false,true,true,X,true,true,129833,Jordan J Cohen,2028280400,,50.0,X,262112,0,35520,X,X,,,LODGING SERVICES,1823347,900099,122569341,117878901,419884,1859930,292987,593488088,110330112,13827806,1063276,217602201,390136080,X,,,,547677571,,,,,0.92281,0.90790,0.04387,0.04562,X,115214837,108821215,118884838,123796458,126770740,,RESTRICTED,,,RESTRICTED,RESTRICTED,,,,,,,,,,false,true,true,true,644340,true,260807,false,true,51550,true,62410,false,true,644162,1663269,false,,Other Changes in Net Assets or Fund Balances,"The $892,189 listed in other changes in net assets or fund balances is due to an unrealized gain.",,,,,,,1.00000,false,false,,,,,,107322907,,108999258,0,7495778,,1295837,179007,5432,1504008,29164,34434799,4745082,19911483,7466978,"FORM 990, PART XI, LINE 5",,16002226,16002226,true,false,true,true,false,false,,Central America and the Caribbean,Investments,16002226,true,,13,0,,,237098123,501(C)(3),10000,MEDICAL CARE FOR HOMELESS,X,X,true,true,X,X,X,X,false,true,false,false,false,false,false,false,false,,,282650,0,15000,0,5673,0,11140,0,10880,0,325343,0,0,0,,,,,,536001131,2011-11-01,110156183,NEW - BUILDING ACQUISITION,false,false,25483VFC3,0,0,110011729,0,0,0,385045,0,0,10574444,0,99052240,2011,false,true,false,false,false,false,0.00000,0.00000,0.00000,true,false,false,false,,false,,false,false,,982150,Life Insurance,X,168801,982150,false,true,true,,,false,false,false,false,false,false,false,false,false,false,false,false,true,true,false,false,false,false,,,MED/EDUC COMM,DC,501(C)(2),,true,,n,43888,FAIR MARKET VAL,,,,,,,,,,,,,,,,,,,,,,,,,,,,,,,,,,,,,,,,,,,,,,,,,,,,,,,,,,,,,,,,,,,,,,,,,,,,,,,,,,,,,,,,,,,,,,,,,,,,,,,,,,,,,,,,,,,,,,,,,,,,,,,,,,,,,,,,,,,,,,,,,,,,,,,,,,,,,,,,,,,,,,,,,,,,,,,,,,,,,,,,,,,,,,,,,,,,,,,,,,,,,,,,,,,,,,,,,,,,,,,,,,,,,,,,,,,,,,,,,,,,,,,,,,,,,,,,,,,,,,,,,,,,,,,,,,,,,,,,,,,,,,,,,,,,,,,,,,,,,,,,,,,,,,,,,,,,,,,,,,,,,,,,,,,,,,,,,,,,,,,,,,,,,,,,,,,,,,,,,,,,,,,,,,,,,,,,,,,,,,,,,,,,,,,,,,,,,,,,,,,,,,,,,,,,,,,,,,,,,,,,,,,,,,,,,,,,,,,,,,,,,,,,,,,,,,,,,,,,,,,,,,,,,,,,,,,,,,,,,,,,,,,,,,,,,,,,,,,,,,,,,,,,,,,,,,,,,,,,,,,,,,,,,,,,,,,,,,,,,,,,,,,,,,,,,,,,,,,,,,,,,,,,,,,,,,,,,,,,,,,,,,,,,,,,,,,,,,,,,,,,,,,,,,,,,,,,,,,,,,,,,,,,,,,,,,,,,,,,,,,,,
2014,,,2014-02-04T07:33:36-06:00,2013-06-30,,990,2012-07-01,,X,,2012,2015-11-30 17:44:51Z,,,Center for Education and Medicine Inc,2450 N STREET NW,WASHINGTON,DC,20037,521948724,BERNARD JARVIS,% DANIEL BERRINGER CPA,ASSO,7032868000,,"Sr. Director, Admissions",2014-01-31,true,,,,,,,,,,,,,Darrell G Kirch MD,,150722228,false,X,www.aamc.org,X,1955,IL,"AAMC LEADS THE ACADEMIC MEDICINE COMMUNITY AND STRENGTHENS THE WORLD'S MOST ADVANCED MEDICAL CARE BY SUPPORTING EDUCATION, RESEARCH, AND PATIENT CARE ACTIVITIES CONDUCTED BY OUR MEMBER INSTITUTIONS.",17,16,720,0,361383,2410626,2444511,117320068,133363474,1859930,1793546,978717,938349,122569341,138539880,129833,163272,0,0,64724470,70992350,0,0,1401121,60366891,59626790,125221194,130782412,-2651853,7757468,390136080,412040406,262440903,269879647,127695177,142160759,X,"THE AAMC SERVES AND LEADS THE ACADEMIC MEDICINE COMMUNITY TO IMPROVE THE HEALTH OF ALL. THROUGH ITS MANY PROGRAMS AND SERVICES, THE AAMC STRENGTHENS THE WORLD'S MOST ADVANCED MEDICAL CARE BY SUPPORTING THE ENTIRE SPECTRUM OF EDUCATION, RESEARCH AND PATIENT CARE ACTIVITIES CONDUCTED BY OUR MEMBER INSTITUTIONS.",false,false,5305104,0,ACCRUED INTEREST PAYABLE,,,,45908215,163272,26891436,109765605,true,true,false,true,false,false,false,false,false,true,true,false,false,true,true,true,false,true,false,false,true,false,false,false,false,false,false,true,false,true,true,false,false,false,false,false,true,false,false,false,false,false,false,false,false,false,true,true,true,false,false,true,368,0,true,720,true,true,true,false,false,false,false,false,false,false,false,false,X,17,16,false,false,true,true,true,false,true,true,true,false,false,true,true,true,true,true,true,true,true,false,NY,X,,X,,7937240,0,1303812,173,false,true,false,,130,1141065,1303446,2444511,,,133363474,,,,,,,,,,,,938349,,,,,,,,,,,,,,,,,,,,,,,,,,,,,,,,,,,,,,,,,,207842544,63468619,,,,,,,,,,,,,,,,,,X,,,,,,X,7757468,,X,false,true,true,X,true,true,0,Jordan J Cohen,2028280400,,50.0,X,279316,0,42289,X,X,,,IT STAFFING AGENCY,2222813,900099,138539880,133940440,361383,1793546,229934,629504888,109765605,19615686,1401121,390136080,412040406,X,,,,593356206,,,,,0.94258,0.92281,0.04144,0.04387,X,108821215,118884838,123796458,126770740,151231637,,RESTRICTED,,,RESTRICTED,RESTRICTED,,,,,,,,,,,true,true,true,486386,true,3381,false,true,66750,true,223403,false,true,1985949,2765869,false,,OTHER FEES FOR SERVICES (NON EMPLOYEES),"CONSULTING FEES $1,309,780 TEMPORARY HELP $1,815,607 CONTRACTED SERVICES $28,633,684 BANK SERVICE FEES $2,444,297 MISCELLANEOUS OTHER SERVICES $239,333 PRINTING AND PUBLICATIONS $641,128 ........... $35,083,829",,,,,,,1.00000,false,false,,,,,,144373925,,90262424,0,9421220,,1295837,179007,5432,1504008,29164,79642465,4153332,26167509,1848792,"FORM 990, PART IX, LINE 11g",,17763865,17763865,true,false,true,true,false,false,,Central America and the Caribbean,Investments,17763865,true,,14,,,,521572431,501(c)(3),10000,Health care service program,X,X,true,true,X,X,X,X,false,true,false,false,false,false,false,false,false,,,273788,0,250,0,5278,0,28701,0,13588,0,321605,0,0,0,,,,,,536001131,2011-11-01,109789512,NEW - BUILDING ACQUISITION,false,false,25483vFC3,0,0,109789512,0,0,0,1411049,0,0,40682083,0,67696380,,false,true,false,false,false,false,0,,,,false,false,false,,false,,false,false,,1086635,Life Insurance,X,168801,1086635,false,true,true,,,false,false,false,false,false,false,false,false,false,false,false,false,true,true,false,false,false,false,,,MED/EDUC COMM,DC,501(C)(2),,true,,n,386598,FAIR MARKET VAL,,,,,,,,,,,,,,,,,,,,,,,,,,,,,,,,,,,,,,,,,,,,,,,,,,,,,,,,,,,,,,,,,,,,,,,,,,,,,,,,,,,,,,,,,,,,,,,,,,,,,,,,,,,,,,,,,,,,,,,,,,,,,,,,,,,,,,,,,,,,,,,,,,,,,,,,,,,,,,,,,,,,,,,,,,,,,,,,,,,,,,,,,,,,,,,,,,,,,,,,,,,,,,,,,,,,,,,,,,,,,,,,,,,,,,,,,,,,,,,,,,,,,,,,,,,,,,,,,,,,,,,,,,,,,,,,,,,,,,,,,,,,,,,,,,,,,,,,,,,,,,,,,,,,,,,,,,,,,,,,,,,,,,,,,,,,,,,,,,,,,,,,,,,,,,,,,,,,,,,,,,,,,,,,,,,,,,,,,,,,,,,,,,,,,,,,,,,,,,,,,,,,,,,,,,,,,,,,,,,,,,,,,,,,,,,,,,,,,,,,,,,,,,,,,,,,,,,,,,,,,,,,,,,,,,,,,,,,,,,,,,,B,,,,,,,,,,,,,,,,,,,,,,,,,,,,,,,,,,,,,,,,,,,,,,,,,,,,,,,,,,,,,,,,,,,,,,,,,,,,,,,,,,,,,,,,,,,,,,,0,,,X,X,6708114,,0.0,0,0,,,,,,,,,false,,X,,,false,false,false,false,false,true,true,false,false,false,PAST PRES,,,,,,,,,,,,,,,,,,,,,,,,,,,,,,,,,,
2015,,,,,,,,,,,,2016-02-25 16:41:14Z,,,Center for Education and Medicine Inc,655 K STREET NW,WASHINGTON,DC,20001,521948724,,,,,,,,,,,,,,,,,,,,,,,,,,,,,,,,,,,,,,,,,,,,,,,,,,,,,,,,,,,,,,,,,,,,,,,,,,,,,,,,,,,,,,,,,,,,,,,,,,,,,,,,,,,,,,,,,,,,,,,,,,,,,,,,,,,,,,,,,,,,,,,,,,,,,,,,,,,,,,,,,,,,,,,,,,,,,,,,,,,,,,,,,,,,,,,,,,,,,,,,,,,,,,,,,,,,,,,,,,,,,,,,,,,,,,,,,,,,,,,,,,,,,,,,,,,,,,,,,,,,,,,,,,,,,,,,,,,,,,,,,,,,,,,,,,,,,,,,,,,,,,,,,,,,,,,,,,,,,,,,,,,,,,,,,,,RESTRICTED,,,,,,,,,,,,,,,,,,,,,,,,,,,,,,,,,,,,,,,,,,,,,,,,,,,,,,,,,,,,,,,,,,,,,,,,,,,,,,,,,,,,,,,,,,,,,,,,,,,,,,,,,,,,,,,,,,,,,,,,,,,,,,,,,,,,,,,,,,,,,,,,,,,,,,,,,,,,,,,,,,,,,,,,,,,,,,,,,,,,,,,,,,,,,,,,,,,,,,,2015-02-10T15:49:13-06:00,2014-06-30,,990,2013-07-01,,,,2013,,,,,,,,,% DANIEL BERRINGER CPA,ASSO,2028280400,,Jordan J Cohen,CHIEF FINANCIAL OFFICER,2015-02-10,true,RAYMOND LY,P01205643,,,,,,,,,Darrell G Kirch MD,213853547,false,X,www.aamc.org,X,1955,DC,AAMC LEADS THE ACADEMIC MEDICINE COMMUNITY TO IMPROVE THE HEALTH OF ALL. SEE SCHEDULE O.,17,16,749,0,424661,-64720,2444511,3219820,133363474,152174619,1793546,4492399,938349,6265497,138539880,166152335,163272,195005,0,0,70992350,78040094,0,0,1432842,59626790,65244029,130782412,143479128,7757468,22673207,422900519,472750271,269879647,287335329,153020872,185414942,X,"THE AAMC SERVES AND LEADS THE ACADEMIC MEDICINE COMMUNITY TO IMPROVE THE HEALTH OF ALL. THROUGH ITS MANY PROGRAMS AND SERVICES, THE AAMC STRENGTHENS THE WORLD'S MOST ADVANCED MEDICAL CARE BY SUPPORTING THE ENTIRE SPECTRUM OF EDUCATION, RESEARCH AND PATIENT CARE ACTIVITIES CONDUCTED BY OUR MEMBER INSTITUTIONS.",false,false,5948288,33630569,ACCRUED INTEREST PAYABLE,,,44250776,195005,124357320,true,true,false,true,false,false,false,false,false,true,true,true,false,true,true,true,false,true,false,false,true,false,false,false,false,false,false,true,false,true,true,false,false,false,false,false,true,false,false,false,false,false,false,false,false,false,true,true,true,false,false,true,375,0,true,749,true,true,true,false,false,false,false,false,false,false,false,false,X,17,16,false,false,false,false,true,false,true,true,true,false,false,true,true,true,true,true,true,true,true,false,NY,X,,X,,8555961,0,1087093,203,false,true,false,,111,1537589,1682231,RESTRICTED,,,152174619,,,,,,,,,,,,,,,,,,,,,,6265497,,X,,,,,,,,,,,,,,,,,,,,,,,,,,,,,,,,,,,,,,,,298219619,62411505,,,,,,,,,,,,,,,,,,X,,,,,,22673207,9720863,X,false,true,,true,true,true,CHIEF SERVICES OFFICER,50.0,0.0,X,X,309890,0,40045,X,X,,,VERIFICATION SERVICE,1338953,900099,166152335,154765455,424661,7742399,0,0,2361508,692143155,124357320,17688966,1432842,422900519,472750271,X,X,,,,,,,,,,656501151,,,,,,,0.94851,0.94258,0.03505,0.04144,X,118884838,123796458,126770740,151231637,171459482,,RESTRICTED,,,,,,,,,,,,true,true,false,,true,176,false,,true,130000,true,293212,false,,true,2602624,3026012,false,,RESTATEMENT OF PRIOR YEAR BALANCE SHEET,"FORM 990, PART X The PRIOR YEAR BALANCE SHEET WAS RESTATED TO REFLECT THE TAXPAYER'S OWNERSHIP OF REAL PROPERTY.",,,false,,,,,,1.00000,,false,false,,,,,,235808114,,,,38262187,0,9310462,X,1504008,,230838,5432,1729414,63839395,4323334,31192407,F,,18720974,18720974,true,false,true,true,false,false,Central America and the Caribbean,Investments,18720974,,true,16,,521167581,501(c)(3),8000,Support Food and Nutrition Program,X,X,true,true,X,X,X,true,false,true,false,false,false,false,false,true,false,,280318,0,10000,0,11986,0,28032,0,9503,0,339839,0,0,0,,,,,,B,536001131,25483vFC3,2011-11-01,109789512,NEW - BUILDING ACQUISITION,false,false,0,0,109789512,0,0,0,1411049,0,0,77086612,0,31291851,,false,false,false,true,false,false,false,,0,,,false,false,false,true,false,true,false,false,false,false,,false,,false,false,,1251236,PAST PRES,Life Insurance,,168801,1251236,false,true,,false,false,false,false,false,false,false,false,false,false,false,false,true,true,false,false,false,false,,,MED/EDUC COMM,501(C)(2),true,,n,113030,FMV,,,,,,,,false,false,X,,,,,,,,,,,,,,,,,,,,,,,,,,,,,,,,,,,,,,,,,,,,,,,,,,,,,,,X,,X,195005,,35615185,,1848108,,,,,,,
2016,,,,,,,,,,,,2016-04-25 22:37:26Z,,,RESTRICTED,RESTRICTED,RESTRICTED,RESTRICTED,RESTRICTED,521948724,,,,,,,,,,,,,,,,,,,,,,,,,,,,,,,,,,,,,,,,,,,,,,,,,,,,,,,,,,,,,,,,,,,,,,,,,,,,,,,,,,,,,,,,,,,,,,,,,,,,,,,,,,,,,,,,,,,,,,,,,,,,,,,,,,,,,,,,,,,,,,,,,,,,,,,,,,,,,,,,,,,,,,,,,,,,,,,,,,,,,,,,,,,,,,,,,,,,,,,,,,,,,,,,,,,,,,,,,,,,,,,,,,,,,,,,,,,,,,,,,,,,,,,,,,,,,,,,,,,,,,,,,,,,,,,,,,,,,,,,,,,,,,,,,,,,,,,,,,,,,,,,,,,,,,,,,,,,,,,,,,,,,,,,,,,RESTRICTED,,,,,,,,,,,,,,,,,,,,,,,,,,,,,,,,,,,,,,,,,,,,,,,,,,,,,,,,,,,,,,,,,,,,,,,,,,,,,,,,,,,,,,,,,,,,,,,,,,,,,,,,,,,,,,,,,,,,,,,,,,,,,,,,,,,,,,,,,,,,,,,,,,,,,,,,,,,,,,,,,,,,,,,,,,,,,,,,,,,,,,,,,,,,,,,,,,,,,,,2016-02-08T11:01:38-06:00,2015-06-30,,990,2014-07-01,,,,2014,,,CENTER FOR EDUCATION AND MEDICINE INC,655 K STREET NW,WASHINGTON,DC,20001,,% DANIEL BERRINGER CPA,ASSO,2028280400,,JORDAN J COHEN,Chief Financial Officer,2016-02-03,true,RAYMOND LY,P01205643,,,,,,,,,Darrell G Kirch MD,259398358,false,X,www.aamc.org,X,1955,DC,AAMC LEADS THE ACADEMIC MEDICINE COMMUNITY TO IMPROVE THE HEALTH OF ALL. SEE SCHEDULE O.,17,16,0,0,530872,-95280,3219820,5195645,152174619,165353086,4492399,39450847,6265497,4209607,166152335,214209185,195005,200300,0,0,78040094,84077406,0,0,1650849,65244029,81004856,143479128,165282562,22673207,48926623,472750271,451697859,287335329,218477226,185414942,233220633,X,"THE AAMC SERVES AND LEADS THE ACADEMIC MEDICINE COMMUNITY TO IMPROVE THE HEALTH OF ALL. THROUGH ITS MANY PROGRAMS AND SERVICES, THE AAMC STRENGTHENS THE WORLD'S MOST ADVANCED MEDICAL CARE BY SUPPORTING THE ENTIRE SPECTRUM OF EDUCATION, RESEARCH AND PATIENT CARE ACTIVITIES CONDUCTED BY OUR MEMBER INSTITUTIONS.",false,false,19417054,33389045,JP MORGAN INVESTMENT FUND,,,50775135,200300,144854696,true,true,false,true,false,false,false,false,false,true,true,true,false,false,false,true,false,true,false,false,true,false,false,false,false,false,false,true,false,true,true,false,false,false,false,false,true,false,false,false,false,false,false,false,false,false,true,true,true,false,false,true,316,0,true,0,true,true,true,false,false,false,false,false,false,false,false,false,X,17,16,false,false,false,false,true,false,true,true,true,false,false,true,true,true,true,true,true,true,true,false,NV,X,,X,,9233840,0,989893,211,true,true,false,,141,3140200,2055445,RESTRICTED,,,165353086,,,,,,,,,,,,,,,,,,,,,,3099197,,X,,,,,,,,,,,,,,,,,,,,,,,,,,,,,,,,,,,,,,,,252266439,42225153,,,,,,,,,,,,,,,,,,X,,,,,,48926623,-1120932,X,false,true,,true,true,true,CHIEF HEALTHCARE OFFICER,50.0,0.0,X,X,366100,0,34040,X,X,,,AUDIO VISUAL,2585524,900099,214209185,167921411,530872,40561257,1110410,0,248013,764973425,144854696,18777017,1650849,472750271,451697859,X,X,,,,,,,,,,732272717,,,,,,,0.95725,0.94850,0.02768,0.03510,X,123796458,126770740,151231637,171459482,191715108,,RESTRICTED,,,,,,,,,,,,true,true,false,,false,,false,,false,,true,65998,false,,true,3810398,3876396,false,,FORM 990 PART IX LINE 11G,DESCRIPTION:CONTRACTED SERVICES TOTAL FEES:21505860,,,false,,,,,,1.00000,,false,false,,,,,,210041286,,,,44262210,0,0,X,1729414,250,270565,66922,1933057,73166154,16000000,33227324,F,,24232920,24232920,true,false,true,true,false,false,Central America and the Caribbean,Investments,23921312,Student Programs,true,16,,582398964,501(C)(3),9500,Food and nutrition program SUPP HS STUDENTS FOR HEALTH CARE CAREER,X,X,true,true,X,X,X,true,true,true,false,false,false,false,false,true,false,,270127,0,0,0,95973,0,25500,0,8540,0,400140,0,0,0,,,,,,B,536001131,999999999,2011-11-01,110156183,NEW-BUILDING ACQUISISTION,false,false,0,0,110993596,0,0,0,658187,0,820102,103793886,0,5721421,2014,false,false,false,true,false,false,true,true,0.00030,0.04000,0.04030,false,false,false,true,false,true,false,false,false,false,,false,,false,true,,1311913,PAST PRES,LIFE INSURANCE,,168801,1311913,false,true,,false,false,false,false,false,false,false,false,false,true,false,false,true,true,false,false,false,false,,,MED/EDUC COMM,501(C)(2),true,,O,17624,FMV,X,35460509,0,0,0,0,Suite 120,false,true,X,false,,,,,,,,,,,,,,,,,,,,,,,,,,,,,,,,,,,,,,,,,,,,,,,,,,,,,,,,,,,,,,,,,,,,
2017,,,,,,,,,,,,2017-02-10 21:41:12Z,,,RESTRICTED,RESTRICTED,RESTRICTED,RESTRICTED,RESTRICTED,521948724,,,,,,,,,,,,,,,,,,,,,,,,,,,,,,,,,,,,,,,,,,,,,,,,,,,,,,,,,,,,,,,,,,,,,,,,,,,,,,,,,,,,,,,,,,,,,,,,,,,,,,,,,,,,,,,,,,,,,,,,,,,,,,,,,,,,,,,,,,,,,,,,,,,,,,,,,,,,,,,,,,,,,,,,,,,,,,,,,,,,,,,,,,,,,,,,,,,,,,,,,,,,,,,,,,,,,,,,,,,,,,,,,,,,,,,,,,,,,,,,,,,,,,,,,,,,,,,,,,,,,,,,,,,,,,,,,,,,,,,,,,,,,,,,,,,,,,,,,,,,,,,,,,,,,,,,,,,,,,,,,,,,,,,,,,,RESTRICTED,,,,,,,,,,,,,,,,,,,,,,,,,,,,,,,,,,,,,,,,,,,,,,,,,,,,,,,,,,,,,,,,,,,,,,,,,,,,,,,,,,,,,,,,,,,,,,,,,,,,,,,,,,,,,,,,,,,,,,,,,,,,,,,,,,,,,,,,,,,,,,,,,,,,,,,,,,,,,,,,,,,,,,,,,,,,,,,,,,,,,,,,,,,,,,,,,,,,,,,2017-02-06T08:27:44-06:00,2016-06-30,,990,2015-07-01,,,,2015,,,CENTER FOR EDUCATION AND MEDICINE INC,655 K STREET NW,WASHINGTON,DC,20001,,% DANIEL BERRINGER CPA,ASSO,2020280400,COLLEGES,JORDAN J COHEN,CFO,2017-02-01,true,raymond ly,P01205643,2017-02-01,,,,,,,,DARRELL G KIRCH MD,233787523,false,X,WWW.AAMC.ORG,X,1955,DC,AAMC LEADS THE ACADEMIC MEDICINE COMMUNITY TO IMPROVE THE HEALTH OF ALL. SEE SCHEDULE O.,17,16,818,0,337130,,5195645,6501149,165353086,164690663,39450847,2728914,4209607,3401228,214209185,177321954,200300,200000,0,0,84077406,85177401,0,0,1607895,81004856,75412212,165282562,160789613,48926623,16532341,451697859,454657078,218477226,206528879,233220633,248128199,X,"THE AAMC SERVES AND LEADS THE ACADEMIC MEDICINE COMMUNITY TO IMPROVE THE HEALTH OF ALL. THROUGH ITS MANY PROGRAMS AND SERVICES, THE AAMC STRENGTHENS THE WORLD'S MOST ADVANCED MEDICAL CARE BY SUPPORTING THE ENTIRE SPECTRUM OF EDUCATION, RESEARCH AND PATIENT CARE ACTIVITIES CONDUCTED BY OUR MEMBER INSTITUTIONS.",false,false,17946515,33585191,JP MORGAN INVESTMENT FUNDS,,,51033979,200000,142579116,true,true,false,true,false,false,false,false,false,true,true,true,false,false,false,true,false,true,false,false,true,false,false,false,false,false,false,true,false,true,true,false,false,false,false,false,true,false,false,false,false,false,false,false,false,false,true,true,true,false,false,true,339,0,true,818,true,true,true,false,false,false,false,false,false,false,false,false,X,17,16,false,false,false,false,true,false,true,true,true,false,false,true,true,true,true,true,true,true,true,false,NV,X,,X,,8649100,0,911722,239,true,true,false,,28,4879382,1621767,RESTRICTED,,,164690663,,,,,,,,,,,,,,,,,,,,,,2926489,,X,,,,,,,,,,,,,,,,,,,,,,,,,,,,,,,,,,,,,,,,269818648,56261165,,,,,,,,,,,,,,,,,,X,,,,,,16532341,-1624775,X,false,true,,true,true,true,CHIEF MEDICAL EDUCATION OFFICE,50.0,0.0,X,X,498528,0,26500,X,X,,,Exhibit consulting,304533,900099,177321954,167295362,337130,3188313,474739,0,265494,829174610,142579116,16602602,1607895,451697859,454657078,X,X,,,,,,,,,,798938190,,,,,,,0.96353,0.95730,0.02227,0.02770,X,126770740,151231637,171459482,191715108,187997643,,RESTRICTED,,,,,,,,,,,,true,true,true,3500,true,249,true,1568,true,81000,true,43134,true,41840,true,3332203,3503494,false,,FORM 990 PART IX LINE 11G,DESCRIPTION:CONTRACTED SERVICES TOTAL FEES:17432910,,,false,,,,,,1.00000,,false,false,,,,,,213557483,,,,38264484,0,0,X,1933057,250,40316,63637,1909736,88460893,13000000,41283688,F,,26317985,26317985,true,false,true,true,false,false,South Asia,Program Services,43684,STUDENT PROGRAMS,true,15,,521167581,501(C)(3),7000,family market,X,X,true,true,X,X,X,true,true,true,false,false,false,false,false,true,false,,336601,0,20000,0,141927,0,26500,0,0,0,525028,0,0,0,,,,,,B,536001131,999999999,2011-11-01,110156183,NEW-BUILDING ACQUISISTION,false,false,2040000,0,110993596,0,0,0,658187,0,820102,109515307,0,0,2014,false,false,false,true,false,true,true,true,0.00039,0.00130,0.00169,false,false,false,true,false,true,false,,true,false,,false,,false,true,,1227727,PAST PRES,LIFE INSURANCE,X,168801,1227727,false,true,,false,false,false,false,false,false,false,false,true,false,false,false,true,false,false,false,false,false,,,MED/EDUC COMM,501(C)(2),true,,j,1978595,FMV,X,,,,,,,false,true,,false,,,,,,,,,,,,,,,,,,,,,,,,,,,,,,,,,,,,,,,,,,,,,,,,,,,,,,,,,,,,,,,,,,,,
2018,,,,,,,,,,,,2018-03-14 21:41:22Z,,,RESTRICTED,RESTRICTED,RESTRICTED,RESTRICTED,RESTRICTED,521948724,,,,,,,,,,,,,,,,,,,,,,,,,,,,,,,,,,,,,,,,,,,,,,,,,,,,,,,,,,,,,,,,,,,,,,,,,,,,,,,,,,,,,,,,,,,,,,,,,,,,,,,,,,,,,,,,,,,,,,,,,,,,,,,,,,,,,,,,,,,,,,,,,,,,,,,,,,,,,,,,,,,,,,,,,,,,,,,,,,,,,,,,,,,,,,,,,,,,,,,,,,,,,,,,,,,,,,,,,,,,,,,,,,,,,,,,,,,,,,,,,,,,,,,,,,,,,,,,,,,,,,,,,,,,,,,,,,,,,,,,,,,,,,,,,,,,,,,,,,,,,,,,,,,,,,,,,,,,,,,,,,,,,,,,,,,RESTRICTED,,,,,,,,,,,,,,,,,,,,,,,,,,,,,,,,,,,,,,,,,,,,,,,,,,,,,,,,,,,,,,,,,,,,,,,,,,,,,,,,,,,,,,,,,,,,,,,,,,,,,,,,,,,,,,,,,,,,,,,,,,,,,,,,,,,,,,,,,,,,,,,,,,,,,,,,,,,,,,,,,,,,,,,,,,,,,,,,,,,,,,,,,,,,,,,,,,,,,,,2018-02-12T13:31:39-06:00,2017-06-30,,990,2016-07-01,,,,2016,,,CENTER FOR EDUCATION AND MEDICINE INC,655 K STREET NW,WASHINGTON,DC,20001,,% DANIEL BERRINGER CPA,ASSO,2020280400,COLLEGES,JORDAN J COHEN,CFO,2018-02-12,true,raymond ly,P01205643,2018-01-26,,54028020180435000005,2018-02-12,P,338DF67F7D76F452896565F2BC00488146B8E0D7,338DF67F7D76F452896565F2BC00488146B8E0D7,167.68.102.5,DARRELL G KIRCH MD,294865829,false,X,WWW.AAMC.ORG,X,1955,DC,AAMC LEADS THE ACADEMIC MEDICINE COMMUNITY TO IMPROVE THE HEALTH OF ALL. SEE SCHEDULE O.,17,16,829,0,388055,-539309,6501149,4781336,164690663,182292464,2728914,10399391,3401228,803543,177321954,198276734,200000,200000,0,0,85177401,92036618,0,0,1744542,75412212,82417572,160789613,174654190,16532341,23622544,454657078,482995481,206528879,204702084,248128199,278293397,X,"THE AAMC SERVES AND LEADS THE ACADEMIC MEDICINE COMMUNITY TO IMPROVE THE HEALTH OF ALL. THROUGH ITS MANY PROGRAMS AND SERVICES, THE AAMC STRENGTHENS THE WORLD'S MOST ADVANCED MEDICAL CARE BY SUPPORTING THE ENTIRE SPECTRUM OF EDUCATION, RESEARCH AND PATIENT CARE ACTIVITIES CONDUCTED BY OUR MEMBER INSTITUTIONS.",false,false,24610768,35959372,CASH RESERVE ACCT-NATION FUNDS,,,44762639,200000,152950310,true,true,false,true,false,false,false,false,false,true,true,true,false,false,false,true,false,true,false,false,true,false,false,false,false,false,false,true,false,true,true,false,false,false,false,false,true,false,false,false,false,false,false,false,false,false,true,true,true,false,false,true,317,0,true,829,true,true,true,false,false,false,false,false,false,false,false,false,X,17,16,false,false,false,false,true,false,true,true,true,false,false,true,true,true,true,true,true,true,true,false,NV,X,,X,,7853357,0,910574,247,false,true,false,,18,3369906,1411430,RESTRICTED,,,182292464,,,,,,,,,,,,0,0,,0,0,,0,0,,,1441261,,X,,,,,,,,,,,,,,,,,,,,,,,,,,,,,,,,,,,,,,,,282931235,75466997,,,,,,,,,,,,,,,,,,X,,,,,,23622544,6542654,X,false,true,,true,true,true,"SR DIR., ACCREDIATION SERVICES",50.0,0.0,X,X,319708,0,37800,X,X,,,Hotel-lodging,706478,900099,198276734,183378192,388055,9729151,-637718,0,8365351,904082355,152950310,19959338,1744542,454657078,482995481,X,X,,,,,,,,,,877723897,,,,,,,0.97084,0.96353,0.01733,0.02227,X,151231637,171459482,191715108,187997643,201678485,,RESTRICTED,,,,,,,,,,,,true,true,true,239395,true,1079,true,4954,true,88150,true,284228,true,6713,true,2756413,3380932,false,,FORM 990 PART IX LINE 11G,DESCRIPTION:PAYROLL PROCESSING TOTAL FEES:34161,,,false,,,,,,0.82000,0.18000,false,false,,,,,,207464238,,,,52277105,0,0,X,1909736,250,120399,43698,1986437,101857959,12265156,55219772,F,,33658477,33658477,true,false,true,true,true,false,South Asia,Program Services,161178,STUDENT PROGRAMS,true,19,,371464353,501(c)(3),5400,Help people with mental illness,X,X,true,true,X,X,X,true,true,true,false,false,false,false,false,true,false,,268353,0,0,0,51355,0,26500,0,11300,0,357508,0,0,0,,,,,,B,536001131,999999999,2011-11-01,110156183,NEW-BUILDING ACQUISISTION,false,false,4165000,0,110993596,0,0,0,658187,0,820102,109515307,0,0,2014,false,false,true,true,false,true,true,false,0.00073,0.00127,0.00200,false,false,false,true,false,true,false,true,true,false,,false,,false,true,,1344078,PAST PRESIDENT,LIFE INSURANCE,X,168801,1344078,false,true,,false,false,false,false,false,false,false,false,true,false,false,false,true,false,false,false,false,false,,,MED/EDUC COMM,501(C)(2),true,,J,1978595,FMV,,,,,,,,,,,,,,,,,,,,,,,,,,,,,,,,,,,,,,,,,,,,,,,,,,,,,,,,,,,,,,,,,,,,,,,,,,,,,,,
2019,,,,,,,,,,,,2019-02-21 02:37:17Z,,,,,,,,521948724,,,,,,,,,,,,,,,,,,,,,,,,,,,,,,,,,,,,,,,,,,,,,,,,,,,,,,,,,,,,,,,,,,,,,,,,,,,,,,,,,,,,,,,,,,,,,,,,,,,,,,,,,,,,,,,,,,,,,,,,,,,,,,,,,,,,,,,,,,,,,,,,,,,,,,,,,,,,,,,,,,,,,,,,,,,,,,,,,,,,,,,,,,,,,,,,,,,,,,,,,,,,,,,,,,,,,,,,,,,,,,,,,,,,,,,,,,,,,,,,,,,,,,,,,,,,,,,,,,,,,,,,,,,,,,,,,,,,,,,,,,,,,,,,,,,,,,,,,,,,,,,,,,,,,,,,,,,,,,,,,,,,,,,,,,,,,,,,,,,,,,,,,,,,,,,,,,,,,,,,,,,,,,,,,,,,,,,,,,,,,,,,,,,,,,,,,,,,,,,,,,,,,,,,,,,,,,,,,,,,,,,,,,,,,,,,,,,,,,,,,,,,,,,,,,,,,,,,,,,,,,,,,,,,,,,,,,,,,,,,,,,,,,,,,,,,,,,,,,,,,,,,,,,,,,,,,,,,,,,,,,,,,,,,,,2019-02-15T16:12:47-06:00,2018-06-30,,990,2017-07-01,,,,2017,,,CENTER FOR EDUCATION AND MEDICINE INC,655 K STREET NW,WASHINGTON,DC,20001,,% DANIEL BERRINGER CPA,ASSO,2020280400,COLLEGES,HEATHER PIERCE,CFO,2019-02-08,true,Raymond Ly,P01205643,2019-02-07,,54028020190465000004,2019-02-15,P,EB2737A96B8F377BD085BED9F3BA68158C374A96,EB2737A96B8F377BD085BED9F3BA68158C374A96,167.68.102.5,DARRELL G KIRCH MD,288226519,false,X,WWW.AAMC.ORG,X,1955,DC,AAMC LEADS THE ACADEMIC MEDICINE COMMUNITY TO IMPROVE THE HEALTH OF ALL. SEE SCHEDULE O.,17,16,859,0,407452,-221429,4781336,3649007,182292464,209069247,10399391,3793587,803543,-381477,198276734,216130364,200000,1286000,0,0,92036618,99115299,0,0,2004490,82417572,101333435,174654190,201734734,23622544,14395630,482995481,508099263,204702084,204816103,278293397,303283160,X,"THE AAMC SERVES AND LEADS THE ACADEMIC MEDICINE COMMUNITY TO IMPROVE THE HEALTH OF ALL. THROUGH ITS MANY PROGRAMS AND SERVICES, THE AAMC STRENGTHENS THE WORLD'S MOST ADVANCED MEDICAL CARE BY SUPPORTING THE ENTIRE SPECTRUM OF EDUCATION, RESEARCH AND PATIENT CARE ACTIVITIES CONDUCTED BY OUR MEMBER INSTITUTIONS.",false,false,27044505,43284806,CASH RESERVE ACCT-NATION FUNDS,,,47409377,1286000,175598527,true,true,false,true,false,false,false,false,false,true,true,true,false,false,false,true,false,true,false,false,true,false,false,false,false,false,false,true,false,true,true,false,false,false,false,false,false,false,false,false,false,false,false,false,false,false,true,true,true,false,false,true,293,0,true,859,true,true,true,false,false,false,false,false,false,false,false,false,X,17,16,false,false,false,false,true,false,true,true,true,false,false,true,true,true,true,true,true,true,true,false,NV,X,,X,,10055717,0,1113636,303,false,true,false,,28,1737310,1911697,3649007,,,209069247,,,,,,,,,,,,0,0,,0,0,,0,0,,,1469111,,X,,,,,,,,,,,,,,,,,,,,,,,,,,,,,,,,,,,,,,,,293654237,92794768,,,,,,,,,,,,,,,,,,X,,,,,,14395630,10594133,X,false,true,,true,true,true,SENIOR DIRECTOR SCIENCE POLICY,50.0,0.0,X,X,322188,0,38535,X,X,,,PROFESSIONAL IT SVCS,919863,900099,216130364,210154944,407452,1918961,-1850588,0,-730884,968991714,175598527,24131717,2004490,482995481,508099263,X,X,,,,,,,,,,942145012,,,,,,,0.97229,0.97084,0.01537,0.01733,X,171459482,191715108,187997643,201678485,216140996,,,,,,,,,,,,,,true,true,true,386977,true,190,true,5365,true,129500,true,26663,true,38087,true,3750886,4337668,false,,FORM 990 PART IX LINE 11G,DESCRIPTION:TEMPORARY HELP TOTAL FEES:28772,,,false,,,,,,0.85000,0.15000,false,false,,,,,,200859469,,,,35271305,0,0,X,1986437,250,219548,44750,2161235,111701332,11265156,68820002,F,,44164338,44164338,true,false,true,true,true,false,Sub-Saharan Africa,Program Services,9562,STUDENT PROGRAMS,true,19,,237454707,501(C)(3),10000,Help education & professional development of health care advisors,X,X,true,true,X,X,X,X,false,true,false,false,false,false,false,true,false,,305318,0,5000,0,11870,0,27000,0,11535,0,360723,0,0,0,,,,,,B,536001131,999999999,2011-11-01,110156183,NEW-BUILDING ACQUISISTION,false,false,6390000,0,110993596,0,0,0,658187,0,1589221,108746188,0,0,2014,false,false,true,true,false,true,true,true,0.00136,0.00129,0.00266,false,false,false,true,false,true,false,true,true,false,,false,,false,true,,,,,,,,,,,false,false,false,false,false,false,false,false,true,false,false,false,false,false,false,false,false,false,,,MED/EDUC COMM,501(C)(2),true,,J,1978595,FMV,,,,,,,,false,true,,false,,,,,,,,,,,,,,,,,,,,,,,,,,,,,,,,,,,,,,,,,,,,,,,,,,,,,,,,,,,,,,,,,,,,2
